<record><leader>00000cas a22000007a 4500</leader><controlfield tag="001">13049525</controlfield><controlfield tag="008">860122d19111917mtuwr ne      0    0eng d</controlfield><datafield ind1=" " ind2=" " tag="010"><subfield code="a">sn 86075026 </subfield></datafield><datafield ind1=" " ind2=" " tag="040"><subfield code="a">MTL</subfield><subfield code="b">eng</subfield><subfield code="c">MTL</subfield><subfield code="d">OCLCQ</subfield></datafield><datafield ind1=" " ind2=" " tag="042"><subfield code="a">msc</subfield></datafield><datafield ind1="0" ind2=" " tag="130"><subfield code="a">Stockgrowers journal (Miles City, Mont. : 1911)</subfield></datafield><datafield ind1="1" ind2="0" tag="245"><subfield code="a">Stockgrowers journal.</subfield></datafield><datafield ind1="1" ind2="7" tag="246"><subfield code="a">Weekly stockgrowers journal</subfield><subfield code="f">July 26, 1916-&lt;Dec. 27, 1916&gt;</subfield></datafield><datafield ind1=" " ind2=" " tag="260"><subfield code="a">Miles City, Mont. :</subfield><subfield code="b">Journal Pub. Co.,</subfield><subfield code="c">1911-</subfield></datafield><datafield ind1=" " ind2=" " tag="300"><subfield code="a">v. :</subfield><subfield code="b">ill. ;</subfield><subfield code="c">60 cm.</subfield></datafield><datafield ind1=" " ind2=" " tag="300"><subfield code="a">Weekly.</subfield></datafield><datafield ind1="0" ind2=" " tag="362"><subfield code="a">26th year, whole no. 5229 (Feb. 22, 1911)-</subfield></datafield><datafield ind1=" " ind2=" " tag="752"><subfield code="a">United States</subfield><subfield code="b">Montana</subfield><subfield code="c">Custer</subfield><subfield code="d">Miles City.</subfield></datafield><datafield ind1="0" ind2=" " tag="775"><subfield code="t">Daily Yellowstone journal (Miles City, Mont. : 1901)</subfield><subfield code="g">Feb. 1911-Aug. 1916</subfield><subfield code="w">(DLC)sn 83025315</subfield></datafield><datafield ind1="0" ind2=" " tag="775"><subfield code="t">Miles City daily journal</subfield><subfield code="g">Aug. 1916-July 1917</subfield><subfield code="w">(DLC)sn 86075023</subfield></datafield><datafield ind1="0" ind2="0" tag="780"><subfield code="t">Semi-weekly stockgrowers journal</subfield><subfield code="w">(DLC)sn 86075025</subfield></datafield><datafield ind1="0" ind2="7" tag="785"><subfield code="t">Miles City American</subfield><subfield code="w">(DLC)sn 86075011</subfield></datafield><datafield ind1="0" ind2="7" tag="785"><subfield code="t">Miles City American and stockgrowers journal</subfield><subfield code="w">(DLC)sn 86075012</subfield></datafield><datafield ind1="1" ind2=" " tag="029"><subfield code="a">AU@</subfield><subfield code="b">000025801400</subfield></datafield></record>